@TechReport{anisko.03.seminar,
  oldkeys =	 {trans-tech-rep,anisko.03},
  title =	 "Transformers: a {C++} program transformation
                  framework",
  author =	 "Robert Anisko and Valentin David and Cl\'ement
                  Vasseur",
  institution =	 "LRDE",
  year =	 2003,
  number =	 0310,
  urllrde =	 {20030521-Seminar-ClementVasseur-Transformers-Report},
}

@TechReport{berger.05.seminar,
  author =	 {Christophe Berger and Nicolas Widynski},
  title =	 {Using connected operators to manipulate image
                  components},
  institution =	 {EPITA Research and Development Laboratory (LRDE)},
  urllrde =	 {200507-Seminar-Berger-Widynski},
  year =	 2005,
}

@TechReport{berger.06.seminar.taxonomy,
  author =	 {Christophe Berger},
  title =	 {Image taxonomy in {O}lena},
  institution =	 {EPITA Research and Development Laboratory (LRDE)},
  urllrde =	 {200605-Seminar-Berger},
  year =	 2006,
}

@TechReport{bigaignon.05.seminar,
  oldkeys =	 {bigaignon.aut-to-exp.05.seminar},
  author =	 { Robert Bigaignon },
  title =	 { Computing the regular language recognized by a
                  finite automaton },
  institution =	 {EPITA Research and Development Laboratory (LRDE)},
  year =	 2005,
}

@TechReport{cadilhac.05.seminar,
  oldkeys =	 {cadilhac.cover-automata.05.seminar},
  author =	 { Micha\"el Cadilhac },
  title =	 { Cover automata for finite languages },
  institution =	 {EPITA Research and Development Laboratory (LRDE)},
  year =	 2005,
}

@TechReport{claveirole.04.seminar.analysis,
  oldkeys =	 {claveirole.vcsn-analysis.04},
  author =	 {Thomas Claveirole},
  title =	 {Analysis of the {V}aucanson project},
  institution =	 {EPITA Research and Development Laboratory (LRDE)},
  year =	 2004,
}

@TechReport{claveirole.04.seminar.overview,
  oldkeys =	 {claveirole.vcsn-overview.04},
  author =	 {Thomas Claveirole},
  title =	 {An overview of {V}aucanson},
  institution =	 {EPITA Research and Development Laboratory (LRDE)},
  year =	 2004,
}

@techreport{david.04.seminar,
  oldkeys =	 {attr-tech-rep},
  title =	 "Attribute grammars for {C++} disambiguation",
  author =	 "Valentin David",
  institution =	 "LRDE",
  year =	 2004
}

@TechReport{depres.05.seminar,
  oldkeys =	 {depres.reg-bench.05.seminar},
  author =	 { Nicolas Despres },
  title =	 { Regression benchmarking },
  institution =	 {EPITA Research and Development Laboratory (LRDE)},
  year =	 2005,
}

@TechReport{fosse.04.seminar,
  oldkeys =	 {fosse.dynamic-libs.04.seminar},
  author =	 {Lo\"ic Fosse},
  title =	 {Dynamic use of statically typed libraries,
                  \textsc{Just In Time} compilation and other
                  solutions},
  institution =	 {EPITA Research and Development Laboratory (LRDE)},
  year =	 2004
}

@TechReport{hocquet.06.seminar,
  author =	 {Quentin Hocquet},
  title =	 {Scool transformation towards C++},
  institution =	 {EPITA Research and Development Laboratory (LRDE)},
  urllrde =	 {200607-Hocquet-Moulard},
  year =	 2006,
}

@TechReport{moulard.06.seminar,
  author =	 {Thomas Moulard},
  title =	 {Conception of a static oriented language: an
                  overview of Scool},
  institution =	 {EPITA Research and Development Laboratory (LRDE)},
  urllrde =	 {200607-Hocquet-Moulard},
  year =	 2006,
}

@TechReport{o-connor.04.seminar,
  oldkeys =	 {o-connor.transducer.04.seminar},
  author =	 {Sarah O'Connor},
  title =	 {Implementation of transducers in {V}aucanson},
  institution =	 {EPITA Research and Development Laboratory (LRDE)},
  year =	 2004
}

@TechReport{odou.05.seminar,
  oldkeys =	 {odou.taxonomy.05.seminar},
  author =	 {Simon Odou},
  title =	 {Images taxonomy and modeling},
  institution =	 {EPITA Research and Development Laboratory (LRDE)},
  year =	 2005,
}

@TechReport{pouchet.04.seminar.gui,
  oldkeys =	 {pouchet.vgi.04.seminar},
  author =	 {Louis-Noel Pouch\"et},
  title =	 {D\'eveloppement d'une interface graphique pour
                  {V}aucanson},
  institution =	 {EPITA Research and Development Laboratory (LRDE)},
  year =	 2004,
  note =	 {Core curriculum internship of EPITA},
}

@TechReport{pouchet.04.seminar.interpreter,
  oldkeys =	 {pouchet.vcsn-interpretor.04.seminar},
  author =	 {Louis-No\"el Pouchet},
  title =	 {An interpreter for {V}aucanson},
  institution =	 {EPITA Research and Development Laboratory (LRDE)},
  year =	 2004,
}

@TechReport{sigoure.06.seminar.xrm,
  author =	 {Beno\^it Sigoure},
  title =	 {{eXtended Reactive Modules}},
  institution =	 {EPITA Research and Development Laboratory (LRDE)},
  year =	 2006,
  url =
                  {http://publications.lrde.epita.fr/200607-Seminar-Sigoure},
  urllrde =	 {200607-Seminar-Sigoure},
}

@TechReport{terrones.05.seminar,
  oldkeys =	 {terrones.exp-to-aut.05.seminar},
  author =	 { Florent Terrones },
  title =	 { From an expression to the original automaton },
  institution =	 {EPITA Research and Development Laboratory (LRDE)},
  year =	 2005,
}

@TechReport{thivolle.05.seminar,
  oldkeys =	 {thivolle.canvas-olena.05.seminar},
  author =	 {Damien Thivolle},
  title =	 {Canvas in {O}lena},
  institution =	 {EPITA Research and Development Laboratory (LRDE)},
  year =	 2005,
}

@techreport{vasseur.04.seminar,
  title =	 "Semantics driven disambiguation: a comparison of
                  different approaches",
  author =	 "Cl\'ement Vasseur",
  institution =	 "LRDE",
  year =	 2004,
  lrdeurl =	 {20041201-Seminar-Vasseur-Disambiguation-Report},
}
