%%% vaucanson.bib

@Misc{amore.www,
  title =	 {\textsc{AMoRE} Home Page},
  author =	 {Wolfgang Thomas},
  note =	 {\url{http://www-i7.informatik.rwth-aachen.de/d/research/amore.html}}
}

@article{antimirov.96.tcs,
  author =	 {Valentin Antimirov},
  title =	 {Partial derivatives of regular expressions and
                  finite automaton constructions},
  journal =	 {Theor. Comput. Sci.},
  volume =	 {155},
  number =	 {2},
  year =	 {1996},
  issn =	 {0304-3975},
  pages =	 {291--319},
  doi =		 {http://dx.doi.org/10.1016/0304-3975(95)00182-4},
  publisher =	 {Elsevier Science Publishers Ltd.},
  address =	 {Essex, UK},
}

@article{brzozowski.64.jacm,
  author =	 {Janusz A. Brzozowski},
  title =	 {Derivatives of Regular Expressions},
  journal =	 {J. ACM},
  volume =	 {11},
  number =	 {4},
  year =	 {1964},
  issn =	 {0004-5411},
  pages =	 {481--494},
  doi =		 {http://doi.acm.org/10.1145/321239.321249},
  publisher =	 {ACM Press},
  address =	 {New York, NY, USA},
}

@article{champarnaud.02.tcs,
  author =	 {J.-M. Champarnaud and D. Ziadi},
  title =	 {Canonical derivatives, partial derivatives and
                  finite automaton constructions},
  journal =	 {Theor. Comput. Sci.},
  volume =	 {289},
  number =	 {1},
  year =	 {2002},
  issn =	 {0304-3975},
  pages =	 {137--163},
  doi =		 {http://dx.doi.org/10.1016/S0304-3975(01)00267-5},
  publisher =	 {Elsevier Science Publishers Ltd.},
  address =	 {Essex, UK},
}

@Misc{fsm.www,
  title =	 {\acf{fsml} Home Page},
  author =	 {\textsc{at\&t}},
  note =	 {\url{http://www.research.att.com/sw/tools/fsm/}}
}

@inproceedings{lombardy.04.latin,
  author =	 {Sylvain Lombardy and Jacques Sakarovitch},
  title =	 {How Expressions Can Code for Automata.},
  booktitle =	 {LATIN},
  year =	 {2004},
  pages =	 {242-251},
  ee =
                  {http://springerlink.metapress.com/openurl.asp?genre=article{\&}issn=0302-9743{\&}volume=2976{\&}spage=242},
  bibsource =	 {DBLP, http://dblp.uni-trier.de}
}

@Book{sakarovitch.03.eta,
  author =	 {Jacques Sakarovitch},
  editor =	 {Vuibert informatique},
  title =	 {\'El\'ements de th\'eorie des automates},
  year =	 {2003},
}

@Misc{vaucanson.www,
  title =	 {\textsc{Vaucanson} Home Page},
  author =	 {\textsc{Vaucanson} group},
  note =	 {\url{http://vaucanson.lrde.epita.fr/}}
}

@Misc{vaucanson.www.xml,
  title =	 {\textsc{Vaucanson} {XML} System Page},
  author =	 {\textsc{Vaucanson} group},
  note =	 {\url{http://vaucanson.lrde.epita.fr/XML}}
}

@Misc{vaucanson.www.xsd,
  title =	 {Last version of the proposal \textsc{xsd} file},
  author =	 {\textsc{Vaucanson} group},
  note =	 {\url{http://www.lrde.epita.fr/dload/vaucanson/vaucanson_current.xsd}}
}

@Misc{w3c.www,
  title =	 {\textsc{xsd} information on the \textit{World Wide Web Consorsium} website},
  author =	 {\textsc{w3c}},
  note =	 {\url{http://www.w3.org/XML/Schema}}
}

